@Article{Ubfal2022,
  author  = {Diego Ubfal and Irani Arráiz and Diether W. Beuermann and Michael Frese and Alessandro Maffioli and Daniel Verch},
  journal = {World Development},
  title   = {The impact of soft-skills training for entrepreneurs in Jamaica},
  year    = {2022},
  pages   = {105787},
  volume  = {152},
  doi     = {10.1016/j.worlddev.2021.105787}
}

@Misc{WorldBank,
  author    = {{The World Bank}},
  title     = {World Development Indicators},
  year      = {2023},
  url       = {https://databank.worldbank.org/source/world-development-indicators},
}

@article{Frese2014,
  title = {The Psychology of Entrepreneurship},
  volume = {1},
  DOI = {10.1146/annurev-orgpsych-031413-091326},
  number = {1},
  journal = {Annual Review of Organizational Psychology and Organizational Behavior},
  publisher = {Annual Reviews},
  author = {Frese, Michael and Gielnik, Michael M.},
  year = {2014},
  pages = {413-438}
}

@article{Alan2019,
    author = {Alan, Sule and Boneva, Teodora and Ertac, Seda},
    title = "{Ever Failed, Try Again, Succeed Better: Results from a Randomized Educational Intervention on Grit}",
    journal = {The Quarterly Journal of Economics},
    volume = {134},
    pages = {1121-1162},
    year = {2019},
    DOI = {10.1093/qje/qjz006}
}

@article{Campos2017,
author = {Francisco Campos and Michael Frese and Markus Goldstein and Leonardo Iacovone and Hillary C. Johnson and David McKenzie and Mona Mensmann},
title = {Teaching personal initiative beats traditional training in boosting small business in West Africa},
journal = {Science},
volume = {357},
number = {6357},
pages = {1287-1290},
year = {2017},
doi = {10.1126/science.aan5329}
}

@article{Mano2012,
title = {How Can Micro and Small Enterprises in Sub-Saharan Africa Become More Productive? The Impacts of Experimental Basic Managerial Training},
journal = {World Development},
volume = {40},
number = {3},
pages = {458-468},
year = {2012},
doi = {https://doi.org/10.1016/j.worlddev.2011.09.013},
author = {Yukichi Mano and Alhassan Iddrisu and Yutaka Yoshino and Tetsushi Sonobe}
}

@article{McKenzie2020,
    author = {McKenzie, David},
    title = "{Small business training to improve management practices in developing countries: re-assessing the evidence for ‘training doesn’t work’}",
    journal = {Oxford Review of Economic Policy},
    volume = {37},
    number = {2},
    pages = {276-301},
    year = {2020},
    doi = {10.1093/oxrep/grab002}
}

@article{Higuchi2019,
title = {Short- and medium-run impacts of management training: An experiment in Tanzania},
journal = {World Development},
volume = {114},
pages = {220-236},
year = {2019},
doi = {doi.org/10.1016/j.worlddev.2018.10.002},
author = {Yuki Higuchi and Edwin P. Mhede and Tetsushi Sonobe}
}

@Article{Arraiz2019,
  author  = {Irani Arraiz and Syon Bhanot and Carla Calero},
  journal = {IDB Invest Working Paper TN No. 18},
  title   = {Less is More: Experimental Evidence on Heuristic-Based Business Training in Ecuador},
  year    = {2019},
}

@article{Bakhtiar2022,
  title = {Business Training and Mentoring: Experimental Evidence from Women-Owned Microenterprises in Ethiopia},
  volume = {71},
  DOI = {10.1086/714592},
  number = {1},
  journal = {Economic Development and Cultural Change},
  publisher = {University of Chicago Press},
  author = {Bakhtiar M. Mehrab and Bastian Gautam and Goldstein Markus},
  year = {2022},
  pages = {151–183}
}

@article{McKenzie2014,
    author = {McKenzie, David and Woodruff, Christopher},
    title = "{What Are We Learning from Business Training and Entrepreneurship Evaluations around the Developing World?}",
    journal = {The World Bank Research Observer},
    volume = {29},
    number = {1},
    pages = {48-82},
    year = {2013},
    doi = {10.1093/wbro/lkt007}
}

@Misc{ILO2022,
  author    = {{International Labour Organization}},
  title     = {From unemployment to the creation of jobs for 10 additional people},
  year      = {2022},
  timestamp = {2023-12-11},
  url       = {https://www.ilo.org/empent/areas/start-and-improve-your-business/facet/WCMS_864592/lang--en/index.htm},
}