@article{zo-mi-86,
title = {Pigou, Tiebout, property taxation, and the underprovision of local public goods},
journal = {Journal of Urban Economics},
volume = {19},
number = {3},
pages = {356-370},
year = {1986},
author = {George R. Zodrow and Peter Mieszkowski}
}

@article{dev-loc-red-08,
title = {Do countries compete over corporate tax rates?},
journal = {Journal of Public Economics},
volume = {92},
number = {5},
pages = {1210-1235},
year = {2008},
author = {Michael P. Devereux and Ben Lockwood and Michela Redoano}
}

@book{adv-micro-th,
    author    = "Geoffrey A. Jehle and Philip J. Reny",
    title     = "Advanced Microeconomic Theory",
    publisher = "Pearson",
    year      = "2011",
    edition   = "third"
}

@article

{dev-griffith,
    author  = "Michael P. Devereux and Rachel Griffith",
    title   = "Evaluating Tax Policy for Location Decisions",
    journal = "International Tax and Public Finance",
    year    = "2003",
    number  = "10",
    pages   = "107–126"
}

@article{slemrod,
title = {Are corporate tax rates, or countries, converging?},
journal = {Journal of Public Economics},
volume = {88},
number = {6},
pages = {1169-1186},
year = {2004},
author = {Joel Slemrod}
}

@article{besley,
 author = {Timothy Besley and Anne Case},
 journal = {The American Economic Review},
 number = {1},
 pages = {25--45},
 publisher = {American Economic Association},
 title = {Incumbent Behavior: Vote-Seeking, Tax-Setting, and Yardstick Competition},
 volume = {85},
 year = {1995}
}

@article{clausing,
    author  = "Kimberly A. Clausing",
    title   = "Corporate tax revenues in OECD countries",
    journal = "International Tax and Public Finance",
    year    = "2007",
    number  = "14",
    pages   = "115–133"
}

@article{dev-2002,
    author  = "Michael P. Devereux and Rachel Griffith and Alexander Klemm",
    title   = "Corporate income tax reforms and international tax competition",
    journal = "Economic Policy",
    year    = "2002",
    volume  = "17",
    pages   = "449–495"
}

@article{klein,
 author = {Michael W. Klein and Kristin J. Forbes and Iván Werning},
 journal = {Brookings Papers on Economic Activity},
 pages = {317--367},
 publisher = {Brookings Institution Press},
 title = {Capital Controls: Gates versus Walls [with Comments and Discussion]},
 year = {2012}
}

@article{swank-98,
author = {Duane Swank},
title ={Funding the Welfare State: Globalization and the Taxation of Business in Advanced Market Economies},
journal = {Political Studies},
volume = {46},
number = {4},
pages = {671-692},
year = {1998}
}

@article {weichenrieder,
    author  = "Alfons J. Weichenrieder",
    title   = "(Why) Do we need Corporate Taxation?",
    journal = "CESifo Working Paper",
    year    = "2005",
    number  = "1495"
}