@Article{Larch2017,
  author  = {Mario Larch and Joschka Wanner},
  journal = {Journal of International Economics},
  title   = {Carbon tariffs: An analysis of the trade, welfare, and emission effects},
  year    = {2017},
  pages   = {195-213},
  volume  = {109},
  doi     = {10.1016/j.jinteco.2017.09.003},
}

@Article{Anderson2003,
  author  = {James E. Anderson and Eric van Wincoop},
  journal = {American Economic Review},
  title   = {Gravity with Gravitas: A Solution to the Border Puzzle},
  year    = {2003},
  pages   = {170-192},
  volume  = {93},
  doi     = {10.1257/000282803321455214},
}

@Article{Gugler2021,
  author   = {Klaus Gugler and Adhurim Haxhimusa and Mario Liebensteiner},
  journal  = {Journal of Environmental Economics and Management},
  title    = {Effectiveness of climate policies: Carbon pricing vs. subsidizing renewables},
  year     = {2021},
  pages    = {102405},
  volume   = {106},
  doi      = {https://doi.org/10.1016/j.jeem.2020.102405},
}

@Article{Silva2006,
  author  = {Silva, J. M. C. Santos and Tenreyro, Silvana},
  journal = {The Review of Economics and Statistics},
  title   = {{The Log of Gravity}},
  year    = {2006},
  pages   = {641-658},
  volume  = {88},
  doi     = {10.1162/rest.88.4.641},
}

@Article{Narayanan2012,
  author  = {Badri G. Narayanan and Angel Aguiar and Robert McDougall},
  journal = {Center for Global Trade Analysis, Purdue University},
  title   = {Global Trade, Assistance, and Production: The GTAP 8 Data Base},
  year    = {2012},
}

@Article{SCC200,
  author = {{Interagency Working Group on Social Cost of Greenhouse Gases}},
  title  = {Technical Support Document: Technical Update of the Social Cost of Carbon for Regulatory Impact Analysis Under Executive Order 12866},
month = {02},
  year   = {2010},
  url    = {https://19january2017snapshot.epa.gov/climatechange/social-cost-carbon-technical-documentation_.html},
}

@Article{SCC2021,
  author = {{Interagency Working Group on Social Cost of Greenhouse Gases}},
  title  = {Technical Support Document: Social Cost of Carbon, Methane, and Nitrous Oxide Interim Estimates under Executive Order 13990},
month = {02},
  year   = {2021},
  url    = {https://www.whitehouse.gov/wp-content/uploads/2021/02/TechnicalSupportDocument_SocialCostofCarbonMethaneNitrousOxide.pdf},
}

@Article{SCC2023,
  author = {{Interagency Working Group on Social Cost of Greenhouse Gases}},
  title  = {Supplementary Material for the Regulatory Impact Analysis for the Final Rulemaking, "Standards of Performance for New, Reconstructed, and Modified Sources and Emissions Guidelines for Existing Sources: Oil and Natural Gas Sector Climate Review"},
month = {11},
  year   = {2023},
  url    = {https://www.epa.gov/environmental-economics/scghg},
}

@Article{OECD2016,
  author  = {OECD},
  journal = {OECD Series on Carbon Pricing and Energy Taxation},
  title   = {Effective Carbon Rates: Pricing CO2 through Taxes and Emissions Trading Systems},
  year    = {2016},
  doi     = {https://doi.org/10.1787/9789264260115-en},
}

@book{copeland2005,
  title={Trade and the Environment: Theory and Evidence},
  author={Copeland, Brian R and Taylor, M Scott},
  year={2003},
  publisher={Princeton University Press},
url={http://www.jstor.org/stable/j.ctt5hhnzk}
}

@techreport{Geoffrey2019,
 title = "Coase, Hotelling and Pigou: The Incidence of a Carbon Tax and CO₂ Emissions",
 author = "Heal, Geoffrey and Schlenker, Wolfram",
 institution = "National Bureau of Economic Research",
 series = "Working Paper Series",
 number = "26086",
 year = "2019",
 month = "7",
 doi = {10.3386/w26086},
}

@article{Pindyck2017,
author = {Pindyck, Robert S.},
title = {Coase Lecture—Taxes, Targets and the Social Cost of Carbon},
journal = {Economica},
volume = {84},
number = {335},
pages = {345-364},
doi = {https://doi.org/10.1111/ecca.12243},
year = {2017}
}

@Article{King2021,
  author   = {King, Lewis C. and van den Bergh, Jeroen C. J. M.},
  title    = {Potential carbon leakage under the Paris Agreement},
  doi      = {10.1007/s10584-021-03082-4},
  number   = {3},
  volume   = {165},
  journal  = {Climatic Change},
  year     = {2021},
}

@article{Nordhaus2015,
Author = {Nordhaus, William},
Title = {Climate Clubs: Overcoming Free-Riding in International Climate Policy},
Journal = {American Economic Review},
Volume = {105},
Number = {4},
Year = {2015},
Month = {4},
Pages = {1339-70},
DOI = {10.1257/aer.15000001}}

@ARTICLE{Szulecki2022,
AUTHOR={Szulecki, Kacper and Overland, Indra and Smith, Ida Dokk}, 
TITLE={The European Union's CBAM as a de facto Climate Club: The Governance Challenges},      
JOURNAL={Frontiers in Climate},      
VOLUME={4},           
YEAR={2022},   
DOI={10.3389/fclim.2022.942583},
}

@Article{Korpar2023,
  author  = {Korpar, Niko and Larch, Mario and Stöllinger, Roman},
  title   = {The European carbon border adjustment mechanism: a small step in the right direction},
  doi     = {10.1007/s10368-022-00550-9},
  number  = {1},
  pages   = {95--138},
  volume  = {20},
  journal = {International Economics and Economic Policy},
  year    = {2023},
}

@article{Tan2018,
title = {Assessment of carbon leakage by channels: An approach combining CGE model and decomposition analysis},
journal = {Energy Economics},
volume = {74},
pages = {535-545},
year = {2018},
doi = {doi.org/10.1016/j.eneco.2018.07.003},
author = {Xiujie Tan and Yu Liu and Jingbo Cui and Bin Su},
}

@Article{Zhang2019,
AUTHOR = {Zhang, Wenwen and Xu, Shichun and He, Zhengxia and Sharp, Basil and Zhao, Bin and Wang, Shuxiao},
TITLE = {Impacts of U.S. Carbon Tariffs on China’s Foreign Trade and Social Welfare},
JOURNAL = {Sustainability},
VOLUME = {11},
YEAR = {2019},
NUMBER = {19},
ARTICLE-NUMBER = {5278},
DOI = {10.3390/su11195278}
}

@article{Anderson2004,
Author = {Anderson, James E. and van Wincoop, Eric},
Title = {Trade Costs},
Journal = {Journal of Economic Literature},
Volume = {42},
Number = {3},
Year = {2004},
Month = {09},
Pages = {691-751},
DOI = {10.1257/0022051042177649}}

@article{Andrew2001,
 author = {Andrew K. Rose and Eric van Wincoop},
 journal = {The American Economic Review},
 number = {2},
 pages = {386--390},
 publisher = {American Economic Association},
 title = {National Money as a Barrier to International Trade: The Real Case for Currency Union},
 volume = {91},
 year = {2001}
}

@Article{Vanclay2011,
  author   = {Vanclay, Jerome K. and Shortiss, John and Aulsebrook, Scott and Gillespie, Angus M. and Howell, Ben C. and Johanni, Rhoda and Maher, Michael J. and Mitchell, Kelly M. and Stewart, Mark D. and Yates, Jim},
  title    = {Customer Response to Carbon Labelling of Groceries},
  doi      = {10.1007/s10603-010-9140-7},
  number   = {1},
  pages    = {153--160},
  volume   = {34},
  journal  = {Journal of Consumer Policy},
  year     = {2011},
}

@article{HASANZADE2022107533,
title = {Is it just the distance? Consumer preference for geographical and social proximity of food production},
journal = {Ecological Economics},
volume = {200},
pages = {107533},
year = {2022},
doi = {https://doi.org/10.1016/j.ecolecon.2022.107533},
author = {Vüsal Hasanzade and Ossama Elshiewy and Waldemar Toporowski},
}

@article{Nordhaus2017,
author = {William Nordhaus},
title = {Revisiting the social cost of carbon},
journal = {Proceedings of the National Academy of Sciences},
volume = {114},
number = {7},
pages = {1518-1523},
month = {01},
year = {2017},
doi = {10.1073/pnas.1609244114},
}

@Article{Rennert2022,
  author   = {Rennert, Kevin and Errickson, Frank and Prest, Brian C. and Rennels, Lisa and Newell, Richard G. and Pizer, William and Kingdon, Cora and Wingenroth, Jordan and Cooke, Roger and Parthum, Bryan and Smith, David and Cromar, Kevin and Diaz, Delavane and Moore, Frances C. and Müller, Ulrich K. and Plevin, Richard J. and Raftery, Adrian E. and Ševčíková, Hana and Sheets, Hannah and Stock, James H. and Tan, Tammy and Watson, Mark and Wong, Tony E. and Anthoff, David},
  journal  = {Nature},
  title    = {Comprehensive evidence implies a higher social cost of CO2},
  year     = {2022},
  number   = {7933},
  pages    = {687--692},
  volume   = {610},
  doi      = {10.1038/s41586-022-05224-9},
}

@Manual{IPCC2023,
  title        = {Climate Change 2023: Synthesis Report},
  author       = {IPCC},
  organization = {Intergovernmental Panel on Climate Change},
  year         = {2023},
  doi          = {10.59327/IPCC/AR6-9789291691647},
}